@book{pml1Book,
 author = "Kevin P. Murphy",
 title = "Probabilistic Machine Learning: An introduction",
 publisher = "MIT Press",
 year = 2022,
 url = "probml.ai"
}

@book{shao2003mathematical,
  title={Mathematical Statistics},
  author={Shao, J.},
  isbn={9780387953823},
  lccn={98045794},
  series={Springer Texts in Statistics},
  url={https://books.google.com.hk/books?id=1HQmBKMgDaMC},
  year={2003},
  publisher={Springer}
}

@article{cang_screening_2023,
	title = {Screening cell–cell communication in spatial transcriptomics via collective optimal transport},
	volume = {20},
	copyright = {2023 The Author(s)},
	issn = {1548-7105},
	url = {https://www.nature.com/articles/s41592-022-01728-4},
	doi = {10.1038/s41592-022-01728-4},
	language = {en},
	number = {2},
	urldate = {2023-03-30},
	journal = {Nature Methods},
	author = {Cang, Zixuan and Zhao, Yanxiang and Almet, Axel A. and Stabell, Adam and Ramos, Raul and Plikus, Maksim V. and Atwood, Scott X. and Nie, Qing},
	month = feb,
	year = {2023},
	keywords = {Cellular signalling networks, Computational models, Software, Transcriptomics},
	pages = {218--228},
	file = {Cang et al_2023_Nature Methods_Screening cell–cell communication in spatial transcriptomics via collective.pdf:/Users/dawntown/Zotero/storage/BV3Z6VIN/Cang et al_2023_Nature Methods_Screening cell–cell communication in spatial transcriptomics via collective.pdf:application/pdf},
}
